@article{ref1,
  title={Random Forests},
  author={Leo Breiman},
  journal={Machine Learning, 45(1):5-32},
  year={2001}
}
@article{ref2,
  title={XGBoost: A scalable tree boosting system},
  author={Tianqi Chen and Carlos Guestrin},
  journal={In Proceedings of the 22nd ACM SIGKDD International Conference on Knowledge Discovery and Data Mining},
  pages={785–794},
  year={2016}
}
@article{ref3,
  title={LightGBM: A highly efficient gradient boosting decision tree},
  author={Guolin Ke, Qi Meng, Thomas Finley},
  journal={In Advances in Neural Information Processing Systems},
  pages={3149–3157},
  year={2017}
}
@article{ref4,
  title={Understanding random forest from theory to practice},
  author={Gilles Louppe},
  journal={Machine Learning},
  year={2015}
}